@online{top_30_languages,
    author    = "",
    title     = "Top 30 Languages by Number of Native Speakers",
    url       = "http://www.vistawide.com/languages/top_30_languages.htm",
    keywords  = "top languages"
}

@article{saleem2002urdu,
  title={Urdu consonantal and vocalic sounds},
  author={Saleem, ABDUL MANNAN and Kabir, HASAN and Riaz, MUHAMMAD KHURRAM and Rafique, MUHAMMAD MUSTAFA and Khalid, NAUMAN and Shahid, SYED RAZA},
  journal={CRULP Annual Student Report},
  year={2002}
}

@inproceedings{mumtaz2016break,
  title={Break Index (BI) annotated speech corpus for Urdu TTS},
  author={Mumtaz, Benazir and Urooj, Saba and Hussain, Sarmad and Haq, Ehsan Ul},
  booktitle={Coordination and Standardization of Speech Databases and Assessment Techniques (O-COCOSDA), 2016 Conference of The Oriental Chapter of International Committee for},
  pages={22--27},
  year={2016},
  organization={IEEE}
}

@article{khilari2015review,
  title={A Review On Speech To Text Conversion Methods},
  author={Khilari, Miss Prachi and Bhope, VP},
  journal={International Journal of Advanced Research in Computer Engineering \& Technology},
  volume={4},
  number={7},
  year={2015}
}

@article{klatt1987review,
  title={Review of text-to-speech conversion for English},
  author={Klatt, Dennis H},
  journal={The Journal of the Acoustical Society of America},
  volume={82},
  number={3},
  pages={737--793},
  year={1987},
  publisher={ASA}
}

@article{aida2010main,
  title={The main principles of text-to-speech synthesis system},
  author={Aida--Zade, É„R and Ardil, C and Sharifova, AM},
  journal={International Journal of Signal Processing},
  volume={6},
  number={1},
  pages={13--19},
  year={2010}
}

@inproceedings{klatt1982klattalk,
  title={The Klattalk text-to-speech conversion system},
  author={Klatt, Dennis},
  booktitle={Acoustics, Speech, and Signal Processing, IEEE International Conference on ICASSP'82.},
  volume={7},
  pages={1589--1592},
  year={1982},
  organization={IEEE}
}

@article{dagba2014text,
  title={A text to speech system for Fon language using multisyn algorithm},
  author={Dagba, Theophile K and Boco, Charbel},
  journal={Procedia Computer Science},
  volume={35},
  pages={447--455},
  year={2014},
  publisher={Elsevier}
}

@article{westwood1998validation,
  title={Validation of virtual reality to teach and assess psychomotor skills in laparoscopic surgery: results from randomised controlled studies using the MIST VR laparoscopic simulator},
  author={Westwood, JD and Hoffman, HM and Stredney, D and Weghorst, SJ},
  journal={Medicine Meets Virtual Reality: art, science, technology: healthcare and evolution},
  pages={124},
  year={1998}
}
%
@book{dirac,
  title={The Principles of Quantum Mechanics},
  author={Paul Adrien Maurice Dirac},
  isbn={9780198520115},
  series={International series of monographs on physics},
  year={1981},
  publisher={Clarendon Press},
  keywords = {physics}
}

@book{latexcompanion,
    author    = "Michel Goossens and Frank Mittelbach and Alexander Samarin",
    title     = "The \LaTeX\ Companion",
    year      = "1993",
    publisher = "Addison-Wesley",
    address   = "Reading, Massachusetts",
    keywords  = "latex"
}

@online{knuthwebsite,
    author    = "Donald Knuth",
    title     = "Knuth: Computers and Typesetting",
    url       = "http://www-cs-faculty.stanford.edu/~uno/abcde.html",
    keywords  = "latex,knuth"
}

@inbook{knuth-fa,
   author = "Donald E. Knuth",
   title = "Fundamental Algorithms",
   publisher = "Addison-Wesley",
   year = "1973",
   chapter = "1.2",
   keywords  = "knuth,programming"
}

@book{knuth-acp,
   author = "Donald E. Knuth",
   publisher = "Addison-Wesley",
   title = "The Art of Computer Programming",
   series = "Four volumes",
   year = "1968",
   note = "Seven volumes planned",
   keywords  = "knuth,programming"
}

@article{ctan,
    author  = "George D. Greenwade",
    title   = "The {C}omprehensive {T}ex {A}rchive {N}etwork ({CTAN})",
    year    = "1993",
    journal = "TUGBoat",
    volume  = "14",
    number  = "3",
    pages   = "342--351",
    keywords  = "latex"
}
@book{ryan2001narrative,
  title={Narrative as virtual reality: Immersion and interactivity in literature and electronic media},
  author={Ryan, Marie-Laure},
  year={2001},
  publisher={Johns Hopkins University Press}
}
